% BibTeX database for the paper asme2e.tex
bibtexfile{
%% author    = "Gaurav Srivastava",
%% version   =  "1",
%% date      =  "April 15, 2021",
%% filename  =  "asme2e.bib"
}

%%% --- The following two lines are what needs to be added --- %%%
\setcounter{biburllcpenalty}{7000}
\setcounter{biburlucpenalty}{8000}
@misc{mis,
     author = "A. Misc",
     title 
= "Documentation on Nonconstant Valued Reset",
     howpublished = {\url{https://pdfslide.net/documents/documentation-on-nonconstant-valued-reset.html}}

}
